<record><leader>00000cas a22000007a 4500</leader><controlfield tag="001">20121543</controlfield><controlfield tag="008">890803c19859999mnudn ne      0   a0eng d</controlfield><datafield ind1=" " ind2=" " tag="010"><subfield code="a">sn 89007742 </subfield></datafield><datafield ind1=" " ind2=" " tag="040"><subfield code="a">NSD</subfield><subfield code="b">eng</subfield><subfield code="c">NSD</subfield><subfield code="d">MN#</subfield><subfield code="d">OCL</subfield><subfield code="d">OCLCQ</subfield><subfield code="d">OCLCF</subfield><subfield code="d">OCLCO</subfield><subfield code="d">CUS</subfield></datafield><datafield ind1=" " ind2=" " tag="012"><subfield code="m">1</subfield></datafield><datafield ind1=" " ind2=" " tag="019"><subfield code="a">15715928</subfield></datafield><datafield ind1="1" ind2=" " tag="022"><subfield code="a">1045-487X</subfield><subfield code="l">1045-487X</subfield><subfield code="2">1</subfield></datafield><datafield ind1="1" ind2=" " tag="029"><subfield code="a">AU@</subfield><subfield code="b">000045377402</subfield></datafield><datafield ind1="1" ind2=" " tag="029"><subfield code="a">NZ1</subfield><subfield code="b">16074888</subfield></datafield><datafield ind1=" " ind2=" " tag="032"><subfield code="a">693180</subfield><subfield code="b">USPS</subfield></datafield><datafield ind1=" " ind2=" " tag="037"><subfield code="b">Daily Globe, 300 11th St., P.O. Box 639, Worthington, MN 56187</subfield></datafield><datafield ind1=" " ind2=" " tag="042"><subfield code="a">nsdp</subfield><subfield code="a">msc</subfield></datafield><datafield ind1=" " ind2=" " tag="043"><subfield code="a">n-us-mn</subfield></datafield><datafield ind1=" " ind2="4" tag="050"><subfield code="a">AN</subfield></datafield><datafield ind1=" " ind2=" " tag="052"><subfield code="a">4144</subfield><subfield code="b">W9</subfield></datafield><datafield ind1=" " ind2=" " tag="052"><subfield code="a">4143</subfield><subfield code="b">N6</subfield></datafield><datafield ind1="0" ind2=" " tag="130"><subfield code="a">Daily globe (Worthington, Minn.)</subfield></datafield><datafield ind1=" " ind2="0" tag="222"><subfield code="a">Daily globe</subfield><subfield code="b">(Worthington, Minn.)</subfield></datafield><datafield ind1="1" ind2="0" tag="245"><subfield code="a">Daily globe.</subfield></datafield><datafield ind1="1" ind2="3" tag="246"><subfield code="a">Worthington daily globe</subfield></datafield><datafield ind1=" " ind2=" " tag="260"><subfield code="a">Worthington, Minn. :</subfield><subfield code="b">Jim Vance,</subfield><subfield code="c">1985-</subfield></datafield><datafield ind1=" " ind2=" " tag="300"><subfield code="a">v.</subfield></datafield><datafield ind1=" " ind2=" " tag="310"><subfield code="a">Daily (except Sundays and holidays)</subfield></datafield><datafield ind1=" " ind2=" " tag="336"><subfield code="a">text</subfield><subfield code="b">txt</subfield><subfield code="2">rdacontent</subfield></datafield><datafield ind1=" " ind2=" " tag="337"><subfield code="a">unmediated</subfield><subfield code="b">n</subfield><subfield code="2">rdamedia</subfield></datafield><datafield ind1=" " ind2=" " tag="338"><subfield code="a">volume</subfield><subfield code="b">cr</subfield><subfield code="2">rdacarrier</subfield></datafield><datafield ind1="0" ind2=" " tag="362"><subfield code="a">112th year, [no. 248] (June 1, 1985)-</subfield></datafield><datafield ind1=" " ind2=" " tag="530"><subfield code="a">Available on microfilm from the Minnesota Historical Society.</subfield></datafield><datafield ind1=" " ind2="0" tag="651"><subfield code="a">Worthington (Minn.)</subfield><subfield code="v">Newspapers.</subfield></datafield><datafield ind1=" " ind2="7" tag="651"><subfield code="a">Minnesota</subfield><subfield code="z">Worthington.</subfield><subfield code="2">fast</subfield><subfield code="0">(OCoLC)fst01220212</subfield></datafield><datafield ind1=" " ind2="7" tag="655"><subfield code="a">Newspapers.</subfield><subfield code="2">fast</subfield><subfield code="0">(OCoLC)fst01423814</subfield></datafield><datafield ind1=" " ind2=" " tag="752"><subfield code="a">United States</subfield><subfield code="b">Minnesota</subfield><subfield code="c">Nobles</subfield><subfield code="d">Worthington.</subfield></datafield><datafield ind1="0" ind2="0" tag="780"><subfield code="t">Worthington daily globe</subfield><subfield code="x">0738-7539</subfield><subfield code="w">(DLC)sn 83007916</subfield></datafield><datafield ind1="4" ind2="1" tag="856"><subfield code="z">Full text available from Newspaper Source: 07/07/2008 to present</subfield><subfield code="u">http://search.ebscohost.com/login.aspx?direct=true&amp;db=nfh&amp;jn=Worthington+Daily+Globe+(MN)&amp;site=ehost-live&amp;scope=site</subfield></datafield></record>